928 1566
248 270 82 37 (AParis,
342 274 25 33 re
380 272 68 37 Vampoanu
473 275 26 34 18;
511 275 38 34 éèe
567 279 13 30 de
599 277 0 33 M
636 276 89 36 prolbfnd¬

216 338 30 26 76.
271 336 18 33 La
307 334 102 36 Faneuse.

347 448 94 48 BRRAND
475 449 164 50 (Bennann).

293 665 35 32 ture
345 666 46 35 (bois
414 668 103 34 sculpté).

293 602 47 34 (bois
358 604 100 34 sculpté).

260 503 17 22 *À
293 498 44 31 Paris,
354 501 17 27 rue
393 500 71 31 lacquart,
481 503 17 29 5;
509 501 38 32 d́lève
564 502 11 27 de
597 504 17 29 M.
630 502 82 32 parbois.

294 731 33 30 ture
349 730 66 32 (eie).

468 567 0 0 1
480 552 40 23 1898.

214 523 59 30 (Médalle
289 526 11 27 de
311 527 54 28 Dponve,
381 530 0 23 a
392 527 43 29 Bbois,
446 534 5 18 en
467 530 43 22 1886,
521 528 54 30 Médale
586 536 10 21 de
613 532 16 25 fre
645 534 43 27 dase,
699 532 5 28 à
715 532 41 30 pion¬

214 573 32 32 78.
272 569 19 36 Un
310 572 83 36 Groupe,
406 571 51 35 ronde
483 575 57 34 bose,
553 573 70 37 comhat
642 575 13 34 de
674 575 84 36 Mésange

210 637 38 31 79.
266 635 20 33 Un
316 638 81 33 Groupe,
416 636 63 34 nature
497 638 69 35 morte,
579 638 49 36 étude
653 639 69 36 d’après
741 647 12 25 na

214 701 32 28 80.
265 702 19 28 Un
304 702 82 34 Groupe,
405 703 64 36 nature
488 706 64 35 morte,
577 706 51 35 étnde
647 706 70 36 d’après
736 709 13 33 na

304 215 110 49 BREION
440 216 201 54 (IMIS-ADOIERN

201 307 63 26 Méailles
279 312 5 21 de
300 309 10 24 3e
321 308 47 28 dase,
378 307 26 28 185
420 309 10 28 .—
446 310 10 25 de
472 309 10 27 ae
498 309 41 28 elnge,
555 311 52 28 181.-—
623 310 10 27 da
649 310 21 25 Ire
680 312 52 26 dase.

216 372 34 26 77.
271 373 15 26 La
311 372 103 28 Glaneuse.

209 1179 33 30 84.
262 1172 59 39 Horde
334 1176 20 32 de
367 1174 66 37 Chiens
453 1175 86 38 courants
558 1176 20 38 (e

332 1142 7 32 (A
358 1140 45 37 Pails,
423 1142 19 34 rue
455 1140 129 37 Dochéchoard,
603 1142 19 35 70.

328 1092 83 41 BROUN
447 1092 148 44 (Jonx-Ley.

596 1178 63 39 pipage
673 1178 21 34 du
715 1178 28 36 Vau

290 1208 47 44 goit

210 879 57 31 (Mention
284 880 75 32 bororale,
370 882 69 28 Esposidon
456 887 11 21 de
479 882 40 27 Paris,
530 884 40 26 189.
588 885 5 30 —
610 883 58 33 Métaille
679 883 11 32 de
702 888 39 28 ppons¬

249 803 112 39 BRISSOT
387 805 20 38 DE
440 806 144 39 VARVILLE
617 808 84 37 (Féri.

208 1001 33 40 85.
267 1001 85 40 Environs
379 1002 13 35 de
411 1002 124 39 Compìgne.

211 929 35 30 81.
269 926 64 35 Vaches
350 927 40 35 près
408 932 11 29 de
443 929 5 30 la
471 932 46 31 mer¬

207 965 30 28 82.
267 961 61 34 Vaches
346 965 6 30 à
370 963 126 35 l’abreuvoir.

369 858 16 23 Au
405 855 41 30 Palais
466 857 10 28 de
492 856 111 30 Saint-Cioud.

381 905 71 24 Exposition
465 907 8 22 de
490 907 46 24 Rouen,
549 908 37 22 1858.
